@book{keillor1985lake,
 author = {Garrison Keillor},
 title = {Lake Wobegon Days},
 isbn = {9780739470282},
 url = {https://books.google.com.br/books?id=Zv3xKiwK0bwC},
 year = {1985},
 publisher = {Penguin Books},
 pages = {17},
}
