@article{enigmaIC,
 author = {Andrew Regan},
 title = {{Attacking the Enigma with an Index of Coincidence}},
 note = {\url{http://cs.rochester.edu/u/brown/Crypto/studprojs/Enigma.html}},
 month = {November},
 year = {2004},
}

@book{Smart:2004:CI:1206247,
 author = {Nigel Smart},
 title = {Cryptography: An Introduction},
 note = {\url{http://www.cs.umd.edu/~waa/414-F11/IntroToCrypto.pdf}},
 year = {2004},
 isbn = {0077099877},
 edition = {3rd},
 publisher = {McGraw-Hill College},
 address = {London},
}

@book{Stinson:2002:CTP:515609,
 author = {Douglas Stinson},
 title = {Cryptography: Theory and Practice},
 year = {2002},
 isbn = {1584882069},
 edition = {2nd},
 publisher = {CRC/C\&H},
}

@article{dijkstra1989cruelty,
 author = {Dijkstra, Edsger W. and others},
 title = {On the cruelty of really teaching computing science},
 journal = {Communications of the ACM},
 volume = {32},
 number = {12},
 pages = {1398--1404},
 year = {1989},
}
